@misc{amortisierung-lit,
  author = {{arocom}},
  title = {Amortisierung},
  year = {},
  url = { https://www.arocom.de/fachbegriffe/projektmanagement/amortisierung },
  note = {letzter Zugriff am 2. April 2025},
}

@misc{anwendungsfall-lit,
  author = {{Kowa}},
  title = {Anwendungsfall},
  year = {2025},
  url = { https://glossar.hs-augsburg.de/Anwendungsfall },
  note = {letzter Zugriff am 2. April 2025},
}

@misc{centreon-lit,
  author = {{rlemerlus},{julienmathis}},
  title = {Centreon},
  year = {2025},
  url = { https://github.com/centreon/centreon },
  note = {letzter Zugriff am 2. April 2025},
}

@misc{checkmk-lit,
  author = {{checkmk}},
  title = {The IT monitoring platform.},
  year = {2025},
  url = { https://checkmk.com/ },
  note = {letzter Zugriff am 2. April 2025},
}

@misc{continuous-integration-lit,
  author = {{Chrystal R China}, {Michael Goodwin}},
  title = {Was ist Continuous Integration?},
  year = {2024},
  url = {https://www.ibm.com/de-de/topics/continuous-integration},
  note = {letzter Zugriff am 2. April 2025},
}

@misc{cpu-lit,
  author = {{IONOS Redaktion}},
  title = {Was ist eine CPU?},
  year = {},
  url = { https://www.atlassian.com/de/agile/product-management/product-features
         },
  note = {letzter Zugriff am 2. April 2025},
}

@misc{distribution-lit,
  author = {{Brian Andrus}},
  title = {Ein tiefgehender Einblick in die besten Linux-Distributionen von
           heute},
  year = {2024},
  url = {https://www.dreamhost.com/blog/de/linux-distributionen/},
  note = {letzter Zugriff am 2. April 2025},
}

@misc{feature-lit,
  author = {{Atlassian}},
  title = {Produkt-Features und ihre Bedeutung verstehen },
  year = {},
  url = { https://www.atlassian.com/de/agile/product-management/product-features
         },
  note = {letzter Zugriff am 2. April 2025},
}

@misc{framework-lit,
  author = {{ Nicole Hery-Moßmann}},
  title = {Was ist ein Framework? - einfach erklärt},
  year = {2024},
  url = {
         https://praxistipps.chip.de/was-ist-ein-framework-einfach-erklaert_41348
         },
  note = {letzter Zugriff am 2. April 2025},
}

@misc{hochverfuegbarkeit-lit,
  author = {{Robert Sheldon}, {Alexander S. Gillis}, {Ben Lutkevich}},
  title = {Hochverfügbarkeit (High Availibility, HA)},
  year = {2024},
  url = {
         https://www.computerweekly.com/de/definition/Hochverfuegbarkeit-High-Availibility
         },
  note = {letzter Zugriff am 2. April 2025},
}

 @misc{lint-lit,
  author = "Wikipedia",
  title = "Lint (Programmierwerkzeug) --- Wikipedia{,} die freie Enzyklopädie",
  year = "2025",
  url = {
         https://de.wikipedia.org/w/index.php?title=Lint_(Programmierwerkzeug)&oldid=252689348
         },
  note = "[Online; Stand 2. April 2025]",
}

 @misc{merge-request-lit,
  author = "Wikipedia",
  title = "Pull Request --- Wikipedia{,} die freie Enzyklopädie",
  year = "2022",
  url = {
         https://de.wikipedia.org/w/index.php?title=Pull_Request&oldid=225837267},
  note = "[Online; Stand 2. April 2025]",
}

@misc{metricq-lit,
  author = {{Thomas Ilsche}, {Mario Bielert}},
  title = {metricq},
  year = {2023},
  url = {https://github.com/metricq/metricq},
  note = {letzter Zugriff am 2. April 2025},
}

 @misc{node-lit,
  author = "Wikipedia",
  title = "Computing Node --- Wikipedia{,} die freie Enzyklopädie",
  year = "2019",
  url = "
         https://de.wikipedia.org/w/index.php?title=Computing_Node&oldid=185035016
         ",
  note = "[Online; Stand 3. April 2025]",
}

@misc{pipeline-lit,
  author = {{Stephen Watts}},
  title = {CI/CD und DevOps-Pipelines: Eine Einführung },
  year = {2023},
  url = { https://www.splunk.com/de_de/blog/learn/ci-cd-devops-pipeline.html },
  note = {letzter Zugriff am 2. April 2025},
}

@misc{rack-lit,
  author = {{lic.rer.publ. Ariane Rüdiger}, {Ulrike Ostler}},
  title = {Was ist ein Rack? },
  year = {2016},
  url = {https://www.datacenter-insider.de/was-ist-ein-rack-a-578653/},
  note = {letzter Zugriff am 2. April 2025},
}

@misc{unit-test-lit,
  author = {{Gedeon Rauch}},
  title = {{Was ist Unit Testing?}},
  year = {2022},
  url = {
         https://www.datacenter-insider.de/was-ist-unit-testing-a-26784f6c19cf9d0a8654d18f69c20ded/
         },
  note = {letzter Zugriff am 2. April 2025},
}

@misc{virtuelle-maschine-lit,
  author = {{Stephanie Susnjara}, {Ian Smalley}},
  title = {Was ist eine virtuelle Maschine?},
  year = {},
  url = { https://www.ibm.com/de-de/think/topics/virtual-machines},
}

@misc{TU_Dresden_Arbeiten,
  author = {{Technische Universität Dresden}},
  title = {Arbeiten an der TU Dresden – Informationen zur Ausbildung},
  year = {2024},
  url = {
         https://tu-dresden.de/tu-dresden/arbeiten-an-der-tud/berufsausbildung/informationen-zur-ausbildung
         },
  note = {letzter Zugriff am 2. April 2025},
}

@misc{bare-metal-lit,
  author = {{IONOS Redaktion}},
  title = {Bare-Metal-Server – dedizierte Hardware für anspruchsvolle
           Webprojekte},
  year = {2023},
  url = { Bare-Metal-Server – dedizierte Hardware für anspruchsvolle Webprojekte
         },
  note = {letzter Zugriff am 3. April 2025},
}

@misc{informatiker-gehalt-lit,
  autor = {{Stepstone}},
  title = {Informatiker/in Gehälter in Deutschland},
  year = {},
  url = {https://www.stepstone.de/gehalt/Informatiker-in.html},
  note = {letzter Zugriff am 3. April 2025},
}

@misc{intel-xeon-lit,
  author = {{Intel}},
  title = {Intel® Xeon® Platinum 8470 Processor },
  year = {},
  url = {
         https://www.intel.com/content/www/us/en/products/sku/231728/intel-xeon-platinum-8470-processor-105m-cache-2-00-ghz/specifications.html?wapkw=Intel(R)%20Xeon(R)%20Platinum%208470
         },
  note = {letzter Zugriff am 3. April 2025},
}

@misc{socket-lit,
  author = "Wikipedia",
  title = "Prozessorsockel --- Wikipedia{,} die freie Enzyklopädie",
  year = "2024",
  url = "
         https://de.wikipedia.org/w/index.php?title=Prozessorsockel&oldid=247306606
         ",
  note = "[Online; Stand 3. April 2025]",
}

@misc{client-lit,
  author = {{Sandra Plett}},
  title = {Client},
  year = {},
  url = { https://www.placetel.de/ratgeber/client },
  note = {letzter Zugriff am 3. April 2025},
}

@misc{host-lit,
  author = {{Checkmk}},
  title = {Services verstehen und konfigurieren},
  year = {2021},
  url = {https://docs.checkmk.com/latest/de/wato_services.html},
  note = {letzter Zugriff am 3. April 2025},
}

@misc{tag-lit,
  author = {{Checkmk}},
  title = {Host tags},
  year = {2022},
  url = {https://docs.checkmk.com/latest/en/host_tags.html},
  note = {letzter Zugriff am 4. April 2025},
}

@misc{gitlab-lit,
  author = {{GitLab}},
  title = {GitLab},
  year = {2025},
  url = {https://about.gitlab.com/},
  note = {letzter Zugriff am 4. April 2025},
}

@misc{branch-lit,
  author = {{Git SCM}},
  title = {Git Branching - Branches auf einen Blick},
  year = {},
  url = {https://git-scm.com/book/de/v2/Git-Branching-Branches-auf-einen-Blick},
  note = {letzter Zugriff am 4. April 2025},
}

@misc{commit-lit,
  author = {{Egoloizos}},
  title = {Was ist ein Commit?},
  year = {2022},
  url = {
         https://www.datacenter-insider.de/was-ist-ein-commit-a-b13579d1f63fd705b38757c1b5ff94fa/
         },
  note = {letzter Zugriff am 4. April 2025},
}

@misc{zih-lit,
  author = {{ZIH}},
  title = {Dienste und Forschung für die Wissenschaft},
  year = {},
  url = {https://tu-dresden.de/zih?set_language=de},
  note = {letzter Zugriff am 4. April 2025},
}
